@ARTICLE{ivezic08,
   author = {{Ivezi{\'c}}, {\v Z}. and {Sesar}, B. and {Juri{\'c}}, M. and 
	{Bond}, N. and {Dalcanton}, J. and {Rockosi}, C.~M. and {Yanny}, B. and 
	{Newberg}, H.~J. and {Beers}, T.~C. and {Allende Prieto}, C. and 
	{Wilhelm}, R. and {Lee}, Y.~S. and {Sivarani}, T. and {Norris}, J.~E. and 
	{Bailer-Jones}, C.~A.~L. and {Re Fiorentin}, P. and {Schlegel}, D. and 
	{Uomoto}, A. and {Lupton}, R.~H. and {Knapp}, G.~R. and {Gunn}, J.~E. and 
	{Covey}, K.~R. and {Allyn Smith}, J. and {Miknaitis}, G. and 
	{Doi}, M. and {Tanaka}, M. and {Fukugita}, M. and {Kent}, S. and 
	{Finkbeiner}, D. and {Munn}, J.~A. and {Pier}, J.~R. and {Quinn}, T. and 
	{Hawley}, S. and {Anderson}, S. and {Kiuchi}, F. and {Chen}, A. and 
	{Bushong}, J. and {Sohi}, H. and {Haggard}, D. and {Kimball}, A. and 
	{Barentine}, J. and {Brewington}, H. and {Harvanek}, M. and 
	{Kleinman}, S. and {Krzesinski}, J. and {Long}, D. and {Nitta}, A. and 
	{Snedden}, S. and {Lee}, B. and {Harris}, H. and {Brinkmann}, J. and 
	{Schneider}, D.~P. and {York}, D.~G.},
    title = "{The Milky Way Tomography with SDSS. II. Stellar Metallicity}",
  journal = {\apj},
archivePrefix = "arXiv",
   eprint = {0804.3850},
 keywords = {Galaxy: halo, Galaxy: kinematics and dynamics, Galaxy: stellar content, Galaxy: structure, methods: data analysis, stars: statistics},
     year = 2008,
    month = sep,
   volume = 684,
    pages = {287-325},
      doi = {10.1086/589678},
   adsurl = {http://adsabs.harvard.edu/abs/2008ApJ...684..287I},
  adsnote = {Provided by the SAO/NASA Astrophysics Data System}
}

@ARTICLE{davenport14,
   author = {{Davenport}, J.~R.~A. and {Ivezi{\'c}}, {\v Z}. and {Becker}, A.~C. and 
	{Ruan}, J.~J. and {Hunt-Walker}, N.~M. and {Covey}, K.~R. and 
	{Lewis}, A.~R. and {AlSayyad}, Y. and {Anderson}, L.~M.},
    title = "{The SDSS-2MASS-WISE 10-dimensional stellar colour locus}",
  journal = {\mnras},
archivePrefix = "arXiv",
   eprint = {1403.1875},
 primaryClass = "astro-ph.SR",
 keywords = {surveys, stars: fundamental parameters, stars: general, dust, extinction},
     year = 2014,
    month = jun,
   volume = 440,
    pages = {3430-3438},
      doi = {10.1093/mnras/stu466},
   adsurl = {http://adsabs.harvard.edu/abs/2014MNRAS.440.3430D},
  adsnote = {Provided by the SAO/NASA Astrophysics Data System}
}


@article{wise,
	Adsnote = {Provided by the SAO/NASA Astrophysics Data System},
	Adsurl = {http://adsabs.harvard.edu/abs/2010AJ....140.1868W},
	Archiveprefix = {arXiv},
	Author = {{Wright}, E.~L. and {Eisenhardt}, P.~R.~M. and {Mainzer}, A.~K. and {Ressler}, M.~E. and {Cutri}, R.~M. and {Jarrett}, T. and {Kirkpatrick}, J.~D. and {Padgett}, D. and {McMillan}, R.~S. and {Skrutskie}, M. and {Stanford}, S.~A. and {Cohen}, M. and {Walker}, R.~G. and {Mather}, J.~C. and {Leisawitz}, D. and {Gautier}, III, T.~N. and {McLean}, I. and {Benford}, D. and {Lonsdale}, C.~J. and {Blain}, A. and {Mendez}, B. and {Irace}, W.~R. and {Duval}, V. and {Liu}, F. and {Royer}, D. and {Heinrichsen}, I. and {Howard}, J. and {Shannon}, M. and {Kendall}, M. and {Walsh}, A.~L. and {Larsen}, M. and {Cardon}, J.~G. and {Schick}, S. and {Schwalm}, M. and {Abid}, M. and {Fabinsky}, B. and {Naes}, L. and {Tsai}, C.-W.},
	Date-Added = {2012-02-08 14:11:56 -0800},
	Date-Modified = {2012-02-08 14:12:00 -0800},
	Doi = {10.1088/0004-6256/140/6/1868},
	Eid = {1868},
	Eprint = {1008.0031},
	Journal = {\aj},
	Keywords = {infrared: general, space vehicles, surveys},
	Month = dec,
	Pages = {1868-1881},
	Primaryclass = {astro-ph.IM},
	Title = {{The Wide-field Infrared Survey Explorer (WISE): Mission Description and Initial On-orbit Performance}},
	Volume = 140,
	Year = 2010,
	Bdsk-Url-1 = {http://dx.doi.org/10.1088/0004-6256/140/6/1868}
}


@ARTICLE{majewski17,
   author = {{Majewski}, S.~R. and {Schiavon}, R.~P. and {Frinchaboy}, P.~M. and 
	{Allende Prieto}, C. and {Barkhouser}, R. and {Bizyaev}, D. and 
	{Blank}, B. and {Brunner}, S. and {Burton}, A. and {Carrera}, R. and 
	{Chojnowski}, S.~D. and {Cunha}, K. and {Epstein}, C. and {Fitzgerald}, G. and 
	{Garc{\'{\i}}a P{\'e}rez}, A.~E. and {Hearty}, F.~R. and {Henderson}, C. and 
	{Holtzman}, J.~A. and {Johnson}, J.~A. and {Lam}, C.~R. and 
	{Lawler}, J.~E. and {Maseman}, P. and {M{\'e}sz{\'a}ros}, S. and 
	{Nelson}, M. and {Nguyen}, D.~C. and {Nidever}, D.~L. and {Pinsonneault}, M. and 
	{Shetrone}, M. and {Smee}, S. and {Smith}, V.~V. and {Stolberg}, T. and 
	{Skrutskie}, M.~F. and {Walker}, E. and {Wilson}, J.~C. and 
	{Zasowski}, G. and {Anders}, F. and {Basu}, S. and {Beland}, S. and 
	{Blanton}, M.~R. and {Bovy}, J. and {Brownstein}, J.~R. and 
	{Carlberg}, J. and {Chaplin}, W. and {Chiappini}, C. and {Eisenstein}, D.~J. and 
	{Elsworth}, Y. and {Feuillet}, D. and {Fleming}, S.~W. and {Galbraith-Frew}, J. and 
	{Garc{\'{\i}}a}, R.~A. and {Garc{\'{\i}}a-Hern{\'a}ndez}, D.~A. and 
	{Gillespie}, B.~A. and {Girardi}, L. and {Gunn}, J.~E. and {Hasselquist}, S. and 
	{Hayden}, M.~R. and {Hekker}, S. and {Ivans}, I. and {Kinemuchi}, K. and 
	{Klaene}, M. and {Mahadevan}, S. and {Mathur}, S. and {Mosser}, B. and 
	{Muna}, D. and {Munn}, J.~A. and {Nichol}, R.~C. and {O'Connell}, R.~W. and 
	{Parejko}, J.~K. and {Robin}, A.~C. and {Rocha-Pinto}, H. and 
	{Schultheis}, M. and {Serenelli}, A.~M. and {Shane}, N. and 
	{Silva Aguirre}, V. and {Sobeck}, J.~S. and {Thompson}, B. and 
	{Troup}, N.~W. and {Weinberg}, D.~H. and {Zamora}, O.},
    title = "{The Apache Point Observatory Galactic Evolution Experiment (APOGEE)}",
  journal = {\aj},
archivePrefix = "arXiv",
   eprint = {1509.05420},
 primaryClass = "astro-ph.IM",
 keywords = {Galaxy: abundances, Galaxy: evolution, Galaxy: formation, Galaxy: kinematics and dynamics, Galaxy: stellar content, Galaxy: structure},
     year = 2017,
    month = sep,
   volume = 154,
      eid = {94},
    pages = {94},
      doi = {10.3847/1538-3881/aa784d},
   adsurl = {http://adsabs.harvard.edu/abs/2017AJ....154...94M},
  adsnote = {Provided by the SAO/NASA Astrophysics Data System}
}

@ARTICLE{abolfathi18,
   author = {{Abolfathi}, B. and {Aguado}, D.~S. and {Aguilar}, G. and {Allende Prieto}, C. and 
	{Almeida}, A. and {Tasnim Ananna}, T. and {Anders}, F. and {Anderson}, S.~F. and 
	{Andrews}, B.~H. and {Anguiano}, B. and et al.},
    title = "{The Fourteenth Data Release of the Sloan Digital Sky Survey: First Spectroscopic Data from the Extended Baryon Oscillation Spectroscopic Survey and from the Second Phase of the Apache Point Observatory Galactic Evolution Experiment}",
  journal = {\apjs},
archivePrefix = "arXiv",
   eprint = {1707.09322},
 keywords = {atlases, catalogs, surveys },
     year = 2018,
    month = apr,
   volume = 235,
      eid = {42},
    pages = {42},
      doi = {10.3847/1538-4365/aa9e8a},
   adsurl = {http://adsabs.harvard.edu/abs/2018ApJS..235...42A},
  adsnote = {Provided by the SAO/NASA Astrophysics Data System}
}

@ARTICLE{sanders18,
   author = {{Sanders}, J.~L. and {Das}, P.},
    title = "{Isochrone ages for \~{}3 million stars with Gaia}",
  journal = {ArXiv e-prints},
archivePrefix = "arXiv",
   eprint = {1806.02324},
 keywords = {Astrophysics - Astrophysics of Galaxies, Astrophysics - Solar and Stellar Astrophysics},
     year = 2018,
    month = jun,
   adsurl = {http://adsabs.harvard.edu/abs/2018arXiv180602324S},
  adsnote = {Provided by the SAO/NASA Astrophysics Data System}
}

@ARTICLE{schmidt16,
   author = {{Schmidt}, S.~J. and {Wagoner}, E.~L. and {Johnson}, J.~A. and 
	{Davenport}, J.~R.~A. and {Stassun}, K.~G. and {Souto}, D. and 
	{Ge}, J.},
    title = "{Examining the relationships between colour, T$_{eff}$, and [M/H] for APOGEE K and M dwarfs}",
  journal = {\mnras},
archivePrefix = "arXiv",
   eprint = {1605.03732},
 primaryClass = "astro-ph.SR",
 keywords = {surveys, stars: abundances, stars: fundamental parameters, stars: late-type, stars: low-mass},
     year = 2016,
    month = aug,
   volume = 460,
    pages = {2611-2624},
      doi = {10.1093/mnras/stw1139},
   adsurl = {http://adsabs.harvard.edu/abs/2016MNRAS.460.2611S},
  adsnote = {Provided by the SAO/NASA Astrophysics Data System}
}

@ARTICLE{reid04,
   author = {{Reid}, M.~J. and {Brunthaler}, A.},
    title = "{The Proper Motion of Sagittarius A*. II. The Mass of Sagittarius A*}",
  journal = {\apj},
   eprint = {astro-ph/0408107},
 keywords = {Astrometry, Black Hole Physics, Galaxy: Center, Galaxy: Fundamental Parameters, Galaxy: Structure},
     year = 2004,
    month = dec,
   volume = 616,
    pages = {872-884},
      doi = {10.1086/424960},
   adsurl = {http://adsabs.harvard.edu/abs/2004ApJ...616..872R},
  adsnote = {Provided by the SAO/NASA Astrophysics Data System}
}

@ARTICLE{gillessen09,
   author = {{Gillessen}, S. and {Eisenhauer}, F. and {Trippe}, S. and {Alexander}, T. and 
	{Genzel}, R. and {Martins}, F. and {Ott}, T.},
    title = "{Monitoring Stellar Orbits Around the Massive Black Hole in the Galactic Center}",
  journal = {\apj},
archivePrefix = "arXiv",
   eprint = {0810.4674},
 keywords = {black hole physics, astrometry, Galaxy: center, infrared: stars},
     year = 2009,
    month = feb,
   volume = 692,
    pages = {1075-1109},
      doi = {10.1088/0004-637X/692/2/1075},
   adsurl = {http://adsabs.harvard.edu/abs/2009ApJ...692.1075G},
  adsnote = {Provided by the SAO/NASA Astrophysics Data System}
}

@ARTICLE{chen10,
       author = {{Chen}, Bing and {Stoughton}, Chris and {Smith}, J. Allyn and {Uomoto},
        Alan and {Pier}, Jeffrey R. and {Yanny}, Brian and {Ivezi{\'c}},
        {\v{Z}}eljko and {York}, Donald G. and {Anderson}, John E. and
        {Annis}, James and {Brinkmann}, Jon and {Csabai}, Istv{\'a}n and
        {Fukugita}, Masataka and {Hindsley}, Robert and {Lupton}, Robert
        and {Munn}, Jeffrey A. and {SDSS Collaboration}},
        title = "{Stellar Population Studies with the SDSS. I. The Vertical Distribution
        of Stars in the Milky Way}",
      journal = {\apj},
     keywords = {Galaxy: Stellar Content, Galaxy: Structure},
         year = 2001,
        month = May,
       volume = {553},
        pages = {184-197},
          doi = {10.1086/320647},
       adsurl = {https://ui.adsabs.harvard.edu/#abs/2001ApJ...553..184C},
      adsnote = {Provided by the SAO/NASA Astrophysics Data System}
}


@article{numpy,
	Author = {T. E. Oliphant},
	Journal = {Computing in Science Engineering},
	Month = {May},
	Number = {3},
	Pages = {10-20},
	Title = {Python for Scientific Computing},
	Volume = {9},
	Year = {2007}}


@misc{scipy,
	Author = {Eric Jones and Travis Oliphant and Pearu Peterson and others},
	Title = {{SciPy}: Open source scientific tools for {Python}},
	Year = {2001--}}


@inproceedings{pandas,
	Author = {Wes McKinney},
	Booktitle = {Proceedings of the 9th Python in Science Conference},
	Editor = {St\'efan van der Walt and Jarrod Millman},
	Pages = {51 - 56},
	Title = {Data Structures for Statistical Computing in Python},
	Year = {2010}}

@article{ipython,
	Author = {P\'erez, Fernando and Granger, Brian E.},
	Journal = {Computing in Science and Engineering},
	Month = may,
	Number = {3},
	Pages = {21--29},
	Title = {{IP}ython: a System for Interactive Scientific Computing},
	Volume = {9},
	Year = 2007}


@article{matplotlib,
	Author = {Hunter, J. D.},
	Journal = {Computing In Science \& Engineering},
	Number = {3},
	Pages = {90--95},
	Title = {Matplotlib: A 2D graphics environment},
	Volume = {9},
	Year = 2007}

@article{astropy,
	Author = {{Astropy Collaboration} and {Robitaille}, Thomas P. and {Tollerud}, Erik J. and {Greenfield}, Perry and {Droettboom}, Michael and {Bray}, Erik and {Aldcroft}, Tom and {Davis}, Matt and {Ginsburg}, Adam and {Price-Whelan}, Adrian M. and {Kerzendorf}, Wolfgang E. and {Conley}, Alexander and {Crighton}, Neil and {Barbary}, Kyle and {Muna}, Demitri and {Ferguson}, Henry and {Grollier}, Fr{\'e}d{\'e}ric and {Parikh}, Madhura M. and {Nair}, Prasanth H. and {Unther}, Hans M. and {Deil}, Christoph and {Woillez}, Julien and {Conseil}, Simon and {Kramer}, Roban and {Turner}, James E.~H. and {Singer}, Leo and {Fox}, Ryan and {Weaver}, Benjamin A. and {Zabalza}, Victor and {Edwards}, Zachary I. and {Azalee Bostroem}, K. and {Burke}, D.~J. and {Casey}, Andrew R. and {Crawford}, Steven M. and {Dencheva}, Nadia and {Ely}, Justin and {Jenness}, Tim and {Labrie}, Kathleen and {Lim}, Pey Lian and {Pierfederici}, Francesco and {Pontzen}, Andrew and {Ptak}, Andy and {Refsdal}, Brian and {Servillat}, Mathieu and {Streicher}, Ole},
	Journal = {\aap},
	Month = Oct,
	Pages = {A33},
	Title = {{Astropy: A community Python package for astronomy}},
	Volume = {558},
	Year = 2013}



@article{york00,
	Author = {{York}, D.~G. and {Adelman}, J. and {Anderson}, Jr., J.~E. and {Anderson}, S.~F. and {Annis}, J. and {Bahcall}, N.~A. and {Bakken}, J.~A. and {Barkhouser}, R. and {Bastian}, S. and {Berman}, E. and {Boroski}, W.~N. and {Bracker}, S. and {Briegel}, C. and {Briggs}, J.~W. and {Brinkmann}, J. and {Brunner}, R. and {Burles}, S. and {Carey}, L. and {Carr}, M.~A. and {Castander}, F.~J. and {Chen}, B. and {Colestock}, P.~L. and {Connolly}, A.~J. and {Crocker}, J.~H. and {Csabai}, I. and {Czarapata}, P.~C. and {Davis}, J.~E. and {Doi}, M. and {Dombeck}, T. and {Eisenstein}, D. and {Ellman}, N. and {Elms}, B.~R. and {Evans}, M.~L. and {Fan}, X. and {Federwitz}, G.~R. and {Fiscelli}, L. and {Friedman}, S. and {Frieman}, J.~A. and {Fukugita}, M. and {Gillespie}, B. and {Gunn}, J.~E. and {Gurbani}, V.~K. and {de Haas}, E. and {Haldeman}, M. and {Harris}, F.~H. and {Hayes}, J. and {Heckman}, T.~M. and {Hennessy}, G.~S. and {Hindsley}, R.~B. and {Holm}, S. and {Holmgren}, D.~J. and {Huang}, C.-h. and {Hull}, C. and {Husby}, D. and {Ichikawa}, S.-I. and {Ichikawa}, T. and {Ivezi{\'c}}, {\v Z}. and {Kent}, S. and {Kim}, R.~S.~J. and {Kinney}, E. and {Klaene}, M. and {Kleinman}, A.~N. and {Kleinman}, S. and {Knapp}, G.~R. and {Korienek}, J. and {Kron}, R.~G. and {Kunszt}, P.~Z. and {Lamb}, D.~Q. and {Lee}, B. and {Leger}, R.~F. and {Limmongkol}, S. and {Lindenmeyer}, C. and {Long}, D.~C. and {Loomis}, C. and {Loveday}, J. and {Lucinio}, R. and {Lupton}, R.~H. and {MacKinnon}, B. and {Mannery}, E.~J. and {Mantsch}, P.~M. and {Margon}, B. and {McGehee}, P. and {McKay}, T.~A. and {Meiksin}, A. and {Merelli}, A. and {Monet}, D.~G. and {Munn}, J.~A. and {Narayanan}, V.~K. and {Nash}, T. and {Neilsen}, E. and {Neswold}, R. and {Newberg}, H.~J. and {Nichol}, R.~C. and {Nicinski}, T. and {Nonino}, M. and {Okada}, N. and {Okamura}, S. and {Ostriker}, J.~P. and {Owen}, R. and {Pauls}, A.~G. and {Peoples}, J. and {Peterson}, R.~L. and {Petravick}, D. and {Pier}, J.~R. and {Pope}, A. and {Pordes}, R. and {Prosapio}, A. and {Rechenmacher}, R. and {Quinn}, T.~R. and {Richards}, G.~T. and {Richmond}, M.~W. and {Rivetta}, C.~H. and {Rockosi}, C.~M. and {Ruthmansdorfer}, K. and {Sandford}, D. and {Schlegel}, D.~J. and {Schneider}, D.~P. and {Sekiguchi}, M. and {Sergey}, G. and {Shimasaku}, K. and {Siegmund}, W.~A. and {Smee}, S. and {Smith}, J.~A. and {Snedden}, S. and {Stone}, R. and {Stoughton}, C. and {Strauss}, M.~A. and {Stubbs}, C. and {SubbaRao}, M. and {Szalay}, A.~S. and {Szapudi}, I. and {Szokoly}, G.~P. and {Thakar}, A.~R. and {Tremonti}, C. and {Tucker}, D.~L. and {Uomoto}, A. and {Vanden Berk}, D. and {Vogeley}, M.~S. and {Waddell}, P. and {Wang}, S.-i. and {Watanabe}, M. and {Weinberg}, D.~H. and {Yanny}, B. and {Yasuda}, N.},
	Journal = {\aj},
	Month = sep,
	Pages = {1579-1587},
	Title = {{The Sloan Digital Sky Survey: Technical Summary}},
	Volume = 120,
	Year = 2000}



@article{gaia_dr2,
	Adsnote = {Provided by the SAO/NASA Astrophysics Data System},
	Adsurl = {http://adsabs.harvard.edu/abs/2018arXiv180409365G},
	Archiveprefix = {arXiv},
	Author = {{Gaia Collaboration} and {Brown}, A.~G.~A. and {Vallenari}, A. and {Prusti}, T. and {de Bruijne}, J.~H.~J. and {Babusiaux}, C. and {Bailer-Jones}, C.~A.~L.},
	Date-Added = {2018-05-09 17:48:32 +0000},
	Date-Modified = {2018-05-09 17:48:39 +0000},
	Eprint = {1804.09365},
	Journal = {ArXiv e-prints},
	Keywords = {Astrophysics - Astrophysics of Galaxies, Astrophysics - Instrumentation and Methods for Astrophysics},
	Month = apr,
	Title = {{Gaia Data Release 2. Summary of the contents and survey properties}},
	Year = 2018}
	
	
	
@article{schlafly2019,
	Adsnote = {Provided by the SAO/NASA Astrophysics Data System},
	Adsurl = {http://adsabs.harvard.edu/abs/2019ApJS..240...30S},
	Archiveprefix = {arXiv},
	Author = {{Schlafly}, E.~F. and {Meisner}, A.~M. and {Green}, G.~M.},
	Date-Added = {2019-03-18 11:46:17 -0700},
	Date-Modified = {2019-03-18 11:46:19 -0700},
	Doi = {10.3847/1538-4365/aafbea},
	Eid = {30},
	Eprint = {1901.03337},
	Journal = {\apjs},
	Keywords = {catalogs, infrared: general, surveys, techniques: photometric},
	Month = feb,
	Pages = {30},
	Primaryclass = {astro-ph.IM},
	Title = {{The unWISE Catalog: Two Billion Infrared Sources from Five Years of WISE Imaging}},
	Volume = 240,
	Year = 2019}



@article{mainzer2014,
	Author = {{Mainzer}, A. and {Bauer}, J. and {Cutri}, R.~M. and {Grav}, T. and {Masiero}, J. and {Beck}, R. and {Clarkson}, P. and {Conrow}, T. and {Dailey}, J. and {Eisenhardt}, P. and {Fabinsky}, B. and {Fajardo-Acosta}, S. and {Fowler}, J. and {Gelino}, C. and {Grillmair}, C. and {Heinrichsen}, I. and {Kendall}, M. and {Kirkpatrick}, J.~D. and {Liu}, F. and {Masci}, F. and {McCallon}, H. and {Nugent}, C.~R. and {Papin}, M. and {Rice}, E. and {Royer}, D. and {Ryan}, T. and {Sevilla}, P. and {Sonnett}, S. and {Stevenson}, R. and {Thompson}, D.~B. and {Wheelock}, S. and {Wiemer}, D. and {Wittman}, M. and {Wright}, E. and {Yan}, L.},
	Journal = {\apj},
	Month = sep,
	Pages = {30},
	Title = {{Initial Performance of the NEOWISE Reactivation Mission}},
	Volume = 792,
	Year = 2014}


@article{2mass,
	Adsnote = {Provided by the SAO/NASA Astrophysics Data System},
	Adsurl = {http://adsabs.harvard.edu/abs/2006AJ....131.1163S},
	Author = {{Skrutskie}, M.~F. and {Cutri}, R.~M. and {Stiening}, R. and {Weinberg}, M.~D. and {Schneider}, S. and {Carpenter}, J.~M. and {Beichman}, C. and {Capps}, R. and {Chester}, T. and {Elias}, J. and {Huchra}, J. and {Liebert}, J. and {Lonsdale}, C. and {Monet}, D.~G. and {Price}, S. and {Seitzer}, P. and {Jarrett}, T. and {Kirkpatrick}, J.~D. and {Gizis}, J.~E. and {Howard}, E. and {Evans}, T. and {Fowler}, J. and {Fullmer}, L. and {Hurt}, R. and {Light}, R. and {Kopan}, E.~L. and {Marsh}, K.~A. and {McCallon}, H.~L. and {Tam}, R. and {Van Dyk}, S. and {Wheelock}, S.},
	Date-Added = {2010-11-19 01:42:07 -0800},
	Date-Modified = {2011-01-17 18:20:45 -0800},
	Doi = {10.1086/498708},
	Journal = {\aj},
	Keywords = {Catalogs, Infrared: General, Surveys},
	Month = feb,
	Pages = {1163-1183},
	Title = {{The Two Micron All Sky Survey (2MASS)}},
	Volume = 131,
	Year = 2006}


@article{scikit-learn,
	Author = {Pedregosa, F. and Varoquaux, G. and Gramfort, A. and Michel, V. and Thirion, B. and Grisel, O. and Blondel, M. and Prettenhofer, P. and Weiss, R. and Dubourg, V. and Vanderplas, J. and Passos, A. and Cournapeau, D. and Brucher, M. and Perrot, M. and Duchesnay, E.},
	Date-Added = {2015-05-22 16:53:08 +0000},
	Date-Modified = {2015-05-22 16:53:08 +0000},
	Journal = {Journal of Machine Learning Research},
	Pages = {2825--2830},
	Title = {Scikit-learn: Machine Learning in {P}ython},
	Volume = {12},
	Year = {2011},
	}


@article{garcia-perez2016,
	Adsnote = {Provided by the SAO/NASA Astrophysics Data System},
	Adsurl = {http://adsabs.harvard.edu/abs/2016AJ....151..144G},
	Archiveprefix = {arXiv},
	Author = {{Garc{\'{\i}}a P{\'e}rez}, A.~E. and {Allende Prieto}, C. and {Holtzman}, J.~A. and {Shetrone}, M. and {M{\'e}sz{\'a}ros}, S. and {Bizyaev}, D. and {Carrera}, R. and {Cunha}, K. and {Garc{\'{\i}}a-Hern{\'a}ndez}, D.~A. and {Johnson}, J.~A. and {Majewski}, S.~R. and {Nidever}, D.~L. and {Schiavon}, R.~P. and {Shane}, N. and {Smith}, V.~V. and {Sobeck}, J. and {Troup}, N. and {Zamora}, O. and {Weinberg}, D.~H. and {Bovy}, J. and {Eisenstein}, D.~J. and {Feuillet}, D. and {Frinchaboy}, P.~M. and {Hayden}, M.~R. and {Hearty}, F.~R. and {Nguyen}, D.~C. and {O'Connell}, R.~W. and {Pinsonneault}, M.~H. and {Wilson}, J.~C. and {Zasowski}, G.},
	Date-Added = {2019-03-18 13:50:24 -0700},
	Date-Modified = {2019-03-18 13:50:26 -0700},
	Doi = {10.3847/0004-6256/151/6/144},
	Eid = {144},
	Eprint = {1510.07635},
	Journal = {\aj},
	Keywords = {Galaxy: center, Galaxy: structure, methods: data analysis, stars: abundances, stars: atmospheres},
	Month = jun,
	Pages = {144},
	Primaryclass = {astro-ph.SR},
	Title = {{ASPCAP: The APOGEE Stellar Parameter and Chemical Abundances Pipeline}},
	Volume = 151,
	Year = 2016,
	Bdsk-Url-1 = {https://doi.org/10.3847/0004-6256/151/6/144}}
